Plačiau apie šaltinių tipus ir jų atributus:
http://mirror.datacenter.by/pub/mirrors/CTAN/macros/latex/contrib/biblatex/doc/biblatex.pdf#subsection.2.1

@article{alelyani2013feature,
  title={Feature Selection for Clustering: A Review.},
  author={Alelyani, Salem and Tang, Jiliang and Liu, Huan},
  journal={Data Clustering: Algorithms and Applications},
  volume={29},
  pages={110--121},
  year={2013}
}

@article{luhn1957statistical,
  title={A statistical approach to mechanized encoding and searching of literary information},
  author={Luhn, Hans Peter},
  journal={IBM Journal of research and development},
  volume={1},
  number={4},
  pages={309--317},
  year={1957},
  publisher={IBM}
}
@article{mugunthadevi2011survey,
  title={Survey on feature selection in document clustering},
  author={Mugunthadevi, K and Punitha, SC and Punithavalli, M}
}

@incollection{oikonomakou2005review,
  title={A review of web document clustering approaches},
  author={Oikonomakou, Nora and Vazirgiannis, Michalis},
  booktitle={Data mining and knowledge discovery handbook},
  pages={921--943},
  year={2005},
  publisher={Springer}
}

@inproceedings{kadhim2014text,
    title={Text Document Preprocessing and Dimension Reduction Techniques for Text Document Clustering},
    author={Kadhim, Ammar Ismael and Cheah, Yu-N and Ahamed, Nurul Hashimah},
	booktitle={Artificial Intelligence with Applications in Engineering and Technology (ICAIET), 2014 4th International Conference on},
	pages={69--73},
	year={2014},
	organization={IEEE}
}
@article{jajoo2008document,
  title={Document clustering},
  author={Jajoo, Pankaj},
  journal={IIT Kharagpur, Thesis},
  year={2008}
}
@book{larose2006data,
	title={Data mining methods \& models},
	author={Larose, Daniel T},
	year={2006},
	publisher={John Wiley \& Sons}
}

@article{PvzStraipsnLt,
    author={A. Pavardenis and B. Pavardonis and C. Pavardauskas},
    title={Straipsnio pavadinimas},
    journal={Žurnalo pavadinimas},
    year={2001},
    volume={IV},
    pages={8-17},
} 

@article{PvzStraipsnEn,
    author={A. Surname and B. Tsurname and C. Usurname},
    title={Article Title},
    journal={Journal Title},
    year={2001},
    volume={IV},
    pages={3-15},
    langid={english},
} 

@inproceedings{PvzKonfLt,
    author={A. Pavardenis and B. Pavardonis and C. Pavardauskas and D. Pavardinskas},
    title={Straipsnio pavadinimas},
    booktitle={Rinkinio pavadinimas},
    year={2002},
    publisher={Leidykla},
    address={Miestas, šalis},
    pages={3-15},
}

@inproceedings{PvzKonfEn,
    author={A. Surname and B. Tsurname and C. Usurname and D. Vsurname},
    title={Article title},
    booktitle={Conference book title},
    year={2002},
    publisher={Publisher},
    address={City, country},
    pages={3-15},
    langid={english},
}

@book{PvzKnygLt,  
    author={A. Pavardenis and B. Pavardonis and C. Pavardauskas},
    title={Knygos pavadinimas},
    publisher={Leidykla},
    year={2003},
    address={Miestas, šalis},
    note={172 psl.},
}

@book{PvzKnygEn,  
    author={A. Surname and B. Tsurname and C. Usurname},
    title={Book title},
    publisher={Publisher},
    year={2003},
    address={City, country},
    note={172 p.},
    langid={english},
}

@misc{PvzElPubLt,
    author={A. Pavardenis and B. Pavardonis and C. Pavardauskas},
    title={Elektroninės publikacijos pavadinimas},
    howpublished={\url{http://example.com/kelias/iki/straipsnio.pdf}},
    year={2004}, 
    note={45 KB, tikrinta 2015-02-01},
}

@misc{PvzElPubEn,
    author={A. Surname and B. Tsurname and C. Usurname},
    title={Online Publication Title},
    howpublished={\url{http://example.com/path/to/the/article.pdf}},
    year={2004}, 
    note={45 KB, accessed 2015-02-01.},
    langid={english},
}

@mastersthesis{PvzMagistrLt,
    author={A. Pavardonis},
    title={Magistrinio darbo pavadinimas},
    school={Universiteto pavadinimas},
    year={2005},
}

@phdthesis{PvzPhdEn,
    author={A. Surname},
    title={Ttitle fo PhD thesis},
    school={Title of university},
    year={2005},
    langid={english},
}
